<record><leader>00000cas a22000007a 4500</leader><controlfield tag="001">31956072</controlfield><controlfield tag="008">950208c19549999vauwr ne      0    0eng d</controlfield><datafield ind1=" " ind2=" " tag="010"><subfield code="a">sn 95079502 </subfield></datafield><datafield ind1=" " ind2=" " tag="040"><subfield code="a">NVK</subfield><subfield code="b">eng</subfield><subfield code="c">NVK</subfield><subfield code="d">OCLCQ</subfield><subfield code="d">OCLCO</subfield><subfield code="d">OCLCF</subfield><subfield code="d">OCLCQ</subfield></datafield><datafield ind1=" " ind2=" " tag="042"><subfield code="a">msc</subfield></datafield><datafield ind1=" " ind2=" " tag="043"><subfield code="a">n-us-va</subfield></datafield><datafield ind1=" " ind2="4" tag="050"><subfield code="a">LD1061.C38</subfield><subfield code="b">A32 Also Film 1193</subfield></datafield><datafield ind1="0" ind2="0" tag="245"><subfield code="a">Highland cavalier.</subfield></datafield><datafield ind1=" " ind2=" " tag="260"><subfield code="a">Wise, Va. :</subfield><subfield code="b">Students of the Clinch Valley branch, University of Virginia,</subfield><subfield code="c">1954-</subfield></datafield><datafield ind1=" " ind2=" " tag="300"><subfield code="a">volumes</subfield></datafield><datafield ind1=" " ind2=" " tag="310"><subfield code="a">Weekly</subfield></datafield><datafield ind1=" " ind2=" " tag="321"><subfield code="a">Monthly</subfield></datafield><datafield ind1=" " ind2=" " tag="336"><subfield code="a">text</subfield><subfield code="b">txt</subfield><subfield code="2">rdacontent</subfield></datafield><datafield ind1=" " ind2=" " tag="337"><subfield code="a">unmediated</subfield><subfield code="b">n</subfield><subfield code="2">rdamedia</subfield></datafield><datafield ind1=" " ind2=" " tag="338"><subfield code="a">volume</subfield><subfield code="b">nc</subfield><subfield code="2">rdacarrier</subfield></datafield><datafield ind1="0" ind2=" " tag="362"><subfield code="a">Vol. 1, no. 1 (Nov. 12, 1954)-</subfield></datafield><datafield ind1=" " ind2=" " tag="530"><subfield code="a">Available on microfilm from the Library of Virginia.</subfield></datafield><datafield ind1=" " ind2=" " tag="550"><subfield code="a">Published by the students of Clinch Valley College, in Wise, Va.</subfield></datafield><datafield ind1=" " ind2=" " tag="588"><subfield code="a">Latest issue consulted: Vol. 12, no. 2 (Feb. 7, 1966).</subfield></datafield><datafield ind1="2" ind2="0" tag="610"><subfield code="a">Clinch Valley College</subfield><subfield code="v">Newspapers.</subfield></datafield><datafield ind1=" " ind2="0" tag="651"><subfield code="a">Wise (Va.)</subfield><subfield code="v">Newspapers.</subfield></datafield><datafield ind1=" " ind2="2" tag="650"><subfield code="a">College student newspapers and periodicals.</subfield></datafield><datafield ind1=" " ind2="2" tag="651"><subfield code="a">Wise.</subfield></datafield><datafield ind1=" " ind2="2" tag="651"><subfield code="a">Virginia.</subfield></datafield><datafield ind1="2" ind2="7" tag="610"><subfield code="a">Clinch Valley College.</subfield><subfield code="2">fast</subfield><subfield code="0">(OCoLC)fst00791133</subfield></datafield><datafield ind1=" " ind2="7" tag="651"><subfield code="a">Virginia</subfield><subfield code="z">Wise.</subfield><subfield code="2">fast</subfield><subfield code="0">(OCoLC)fst01211800</subfield></datafield><datafield ind1=" " ind2="7" tag="655"><subfield code="a">Newspapers.</subfield><subfield code="2">fast</subfield><subfield code="0">(OCoLC)fst01423814</subfield></datafield><datafield ind1="2" ind2=" " tag="710"><subfield code="a">Clinch Valley College.</subfield></datafield><datafield ind1=" " ind2=" " tag="752"><subfield code="a">United States</subfield><subfield code="b">Virginia</subfield><subfield code="c">Wise</subfield><subfield code="d">Wise.</subfield></datafield><datafield ind1="1" ind2=" " tag="029"><subfield code="a">AU@</subfield><subfield code="b">000011527087</subfield></datafield></record>